% Encoding: UTF-8

@book{adams1995douglas,
  title={Douglas Adams Trilogy/Hitchhiker's Guide to Galaxy/Restaurant at the End of the Universe/Life, the Universe and Everything},
  author={Adams, D.},
  isbn={9780345397041},
  url={https://books.google.de/books?id=bMWkPQAACAAJ},
  year={1995},
  publisher={Random House Incorporated}
}

